<?xml version="1.0"?>
<Document xmlns="urn:iso:std:iso:20022:tech:xsd:camt.053.001.02" xmlns:ele="http://www.cardinal.hu/electra">
  <BkToCstmrStmt>
    <GrpHdr>
      <MsgId>201711300011</MsgId>
      <CreDtTm>2017-11-30T00:00:00</CreDtTm>
      <MsgRcpt>
        <Nm>John Doe</Nm>
      </MsgRcpt>
    </GrpHdr>
    <Stmt>
      <LglSeqNb>0011</LglSeqNb>
      <Id>0011/20171130</Id>
      <CreDtTm>2017-11-30T00:00:00</CreDtTm>
      <FrToDt>
        <FrDtTm>2017-11-30T00:00:00</FrDtTm>
        <ToDtTm>2017-11-30T00:00:00</ToDtTm>
      </FrToDt>
      <Acct>
        <Id>
          <Othr>
            <Id>12345678123456780000000</Id>
          </Othr>
        </Id>
        <Ccy>HUF</Ccy>
        <Ownr>
          <Nm>John Doe</Nm>
          <PstlAdr>
            <AdrLine>BUDAPEST</AdrLine>
            <AdrLine>Sample Str.</AdrLine>
            <AdrLine>1234</AdrLine>
          </PstlAdr>
        </Ownr>
        <Svcr>
          <FinInstnId>
            <BIC>BACXHUHB</BIC>
          </FinInstnId>
          <BrnchId>
            <Id>NMEZ</Id>
          </BrnchId>
        </Svcr>
      </Acct>
      <Bal>
        <Tp>
          <CdOrPrtry>
            <Cd>OPBD</Cd>
          </CdOrPrtry>
        </Tp>
        <Amt Ccy="HUF">123456.14</Amt>
        <CdtDbtInd>CRDT</CdtDbtInd>
        <Dt>
          <Dt>2017-11-30</Dt>
        </Dt>
      </Bal>
      <Bal>
        <Tp>
          <CdOrPrtry>
            <Cd>CLBD</Cd>
          </CdOrPrtry>
        </Tp>
        <Amt Ccy="HUF">123457.14</Amt>
        <CdtDbtInd>CRDT</CdtDbtInd>
        <Dt>
          <Dt>2017-11-30</Dt>
        </Dt>
      </Bal>
      <TxsSummry>
        <TtlNtries>
          <NbOfNtries>7</NbOfNtries>
        </TtlNtries>
        <TtlCdtNtries>
          <Sum>123456.00</Sum>
        </TtlCdtNtries>
        <TtlDbtNtries>
          <Sum>123457.00</Sum>
        </TtlDbtNtries>
      </TxsSummry>
      <Ntry>
        <NtryRef>0000001</NtryRef>
        <Amt Ccy="HUF">2000.00</Amt>
        <CdtDbtInd>CRDT</CdtDbtInd>
        <Sts>BOOK</Sts>
        <BookgDt>
          <Dt>2017-11-08</Dt>
        </BookgDt>
        <ValDt>
          <Dt>2017-11-08</Dt>
        </ValDt>
        <AcctSvcrRef>20171234560001</AcctSvcrRef>
        <NtryDtls>
          <TxDtls>
            <AddtlTxInf>Cr Forgalmi kedvezmény</AddtlTxInf>
            <Refs>
              <TxId>00000000002123000001</TxId>
            </Refs>
          </TxDtls>
        </NtryDtls>
        <BkTxCd>
          <Domn>
            <Cd>PMNT</Cd>
            <Fmly>
              <Cd>RCDT</Cd>
              <SubFmlyCd>OTHR</SubFmlyCd>
            </Fmly>
          </Domn>
        </BkTxCd>
      </Ntry>
      <Ntry>
        <NtryRef>0000002</NtryRef>
        <Amt Ccy="HUF">123456.00</Amt>
        <CdtDbtInd>CRDT</CdtDbtInd>
        <Sts>BOOK</Sts>
        <BookgDt>
          <Dt>2017-11-24</Dt>
        </BookgDt>
        <ValDt>
          <Dt>2017-11-24</Dt>
        </ValDt>
        <AcctSvcrRef>20171234560002</AcctSvcrRef>
        <NtryDtls>
          <TxDtls>
            <AddtlTxInf>+IZV 00123450001</AddtlTxInf>
            <Refs>
              <TxId>00000000002123000002</TxId>
              <EndToEndId>NOTPROVIDED</EndToEndId>
              <Prtry>
                <Tp>CORE2</Tp>
                <Ref>00171234001</Ref>
              </Prtry>
            </Refs>
            <RltdPties>
              <Dbtr>
                <Nm>Acme Inc.</Nm>
              </Dbtr>
              <DbtrAcct>
                <Id>
                  <IBAN>HU9712345678123456780000000</IBAN>
                </Id>
              </DbtrAcct>
              <Cdtr>
                <Nm>John Doe</Nm>
              </Cdtr>
              <CdtrAcct>
                <Id>
                  <IBAN>HU5512345678123456780000002</IBAN>
                </Id>
              </CdtrAcct>
            </RltdPties>
            <RmtInf>
              <Ustrd>Acme Inc. payroll</Ustrd>
            </RmtInf>
          </TxDtls>
        </NtryDtls>
        <BkTxCd>
          <Domn>
            <Cd>PMNT</Cd>
            <Fmly>
              <Cd>RCDT</Cd>
              <SubFmlyCd>DMCT</SubFmlyCd>
            </Fmly>
          </Domn>
          <Prtry>
            <Cd>HC001</Cd>
          </Prtry>
        </BkTxCd>
      </Ntry>
      <Ntry>
        <NtryRef>0000003</NtryRef>
        <Amt Ccy="HUF">3674.00</Amt>
        <CdtDbtInd>DBIT</CdtDbtInd>
        <Sts>BOOK</Sts>
        <BookgDt>
          <Dt>2017-11-02</Dt>
        </BookgDt>
        <ValDt>
          <Dt>2017-11-02</Dt>
        </ValDt>
        <AcctSvcrRef>20171234560003</AcctSvcrRef>
        <NtryDtls>
          <TxDtls>
            <AddtlTxInf>+IZV 00000000123400000002</AddtlTxInf>
            <Refs>
              <TxId>00000000002123000003</TxId>
              <EndToEndId>401234</EndToEndId>
            </Refs>
            <RltdPties>
              <Dbtr>
                <Nm>JOHN DOE</Nm>
              </Dbtr>
              <DbtrAcct>
                <Id>
                  <Othr>
                    <Id>12345678123456780000006</Id>
                  </Othr>
                </Id>
              </DbtrAcct>
              <Cdtr>
                <Nm>NSRNCE Co.</Nm>
              </Cdtr>
              <CdtrAcct>
                <Id>
                  <Othr>
                    <Id>12345678123456780000007</Id>
                  </Othr>
                </Id>
              </CdtrAcct>
            </RltdPties>
            <RmtInf>
              <Ustrd>                                A10123400    201712345600000001 95123456000000000</Ustrd>
            </RmtInf>
          </TxDtls>
        </NtryDtls>
        <BkTxCd>
          <Domn>
            <Cd>PMNT</Cd>
            <Fmly>
              <Cd>ICDT</Cd>
              <SubFmlyCd>DMCT</SubFmlyCd>
            </Fmly>
          </Domn>
          <Prtry>
            <Cd>H404</Cd>
          </Prtry>
        </BkTxCd>
      </Ntry>
      <Ntry>
        <NtryRef>0000004</NtryRef>
        <Amt Ccy="HUF">15999.00</Amt>
        <CdtDbtInd>DBIT</CdtDbtInd>
        <Sts>BOOK</Sts>
        <BookgDt>
          <Dt>2017-11-15</Dt>
        </BookgDt>
        <ValDt>
          <Dt>2017-11-15</Dt>
        </ValDt>
        <AcctSvcrRef>20171234560004</AcctSvcrRef>
        <NtryDtls>
          <TxDtls>
            <AddtlTxInf>+IZV 00123450002</AddtlTxInf>
            <Refs>
              <TxId>00000000002123000004</TxId>
              <EndToEndId>NOTPROVIDED</EndToEndId>
              <Prtry>
                <Tp>CORE2</Tp>
                <Ref>00171234002</Ref>
              </Prtry>
            </Refs>
            <RltdPties>
              <Dbtr>
                <Nm>John Doe</Nm>
              </Dbtr>
              <DbtrAcct>
                <Id>
                  <IBAN>HU5512345678123456780000006</IBAN>
                </Id>
              </DbtrAcct>
              <Cdtr>
                <Nm>BIG BANK</Nm>
              </Cdtr>
              <CdtrAcct>
                <Id>
                  <IBAN>HU4312345678123456780000002</IBAN>
                </Id>
              </CdtrAcct>
            </RltdPties>
            <RmtInf>
              <Ustrd>HAVI TÖRLESZTÉS</Ustrd>
            </RmtInf>
          </TxDtls>
        </NtryDtls>
        <BkTxCd>
          <Domn>
            <Cd>PMNT</Cd>
            <Fmly>
              <Cd>ICDT</Cd>
              <SubFmlyCd>DMCT</SubFmlyCd>
            </Fmly>
          </Domn>
          <Prtry>
            <Cd>HD001</Cd>
          </Prtry>
        </BkTxCd>
      </Ntry>
      <Ntry>
        <NtryRef>0000005</NtryRef>
        <Amt Ccy="HUF">3000.00</Amt>
        <CdtDbtInd>DBIT</CdtDbtInd>
        <Sts>BOOK</Sts>
        <BookgDt>
          <Dt>2017-11-23</Dt>
        </BookgDt>
        <ValDt>
          <Dt>2017-11-23</Dt>
        </ValDt>
        <AcctSvcrRef>20171234560005</AcctSvcrRef>
        <NtryDtls>
          <TxDtls>
            <AddtlTxInf>+IZV 00123450003</AddtlTxInf>
            <Refs>
              <TxId>00000000002123000005</TxId>
              <EndToEndId>NOTPROVIDED</EndToEndId>
              <Prtry>
                <Tp>CORE2</Tp>
                <Ref>00171234003</Ref>
              </Prtry>
            </Refs>
            <RltdPties>
              <Dbtr>
                <Nm>John Doe</Nm>
              </Dbtr>
              <DbtrAcct>
                <Id>
                  <IBAN>HU55123456781234567800000006</IBAN>
                </Id>
              </DbtrAcct>
              <Cdtr>
                <Nm>John Doe</Nm>
              </Cdtr>
              <CdtrAcct>
                <Id>
                  <IBAN>HU34117730780497519900000000</IBAN>
                </Id>
              </CdtrAcct>
            </RltdPties>
            <RmtInf>
              <Ustrd>Money transfer</Ustrd>
            </RmtInf>
          </TxDtls>
        </NtryDtls>
        <BkTxCd>
          <Domn>
            <Cd>PMNT</Cd>
            <Fmly>
              <Cd>ICDT</Cd>
              <SubFmlyCd>DMCT</SubFmlyCd>
            </Fmly>
          </Domn>
          <Prtry>
            <Cd>HD001</Cd>
          </Prtry>
        </BkTxCd>
      </Ntry>
      <Ntry>
        <NtryRef>0000006</NtryRef>
        <Amt Ccy="HUF">400000.00</Amt>
        <CdtDbtInd>DBIT</CdtDbtInd>
        <Sts>BOOK</Sts>
        <BookgDt>
          <Dt>2017-11-24</Dt>
        </BookgDt>
        <ValDt>
          <Dt>2017-11-24</Dt>
        </ValDt>
        <AcctSvcrRef>20171234560006</AcctSvcrRef>
        <NtryDtls>
          <TxDtls>
            <AddtlTxInf>+IZV 00123450004</AddtlTxInf>
            <Refs>
              <TxId>00000000002123000006</TxId>
              <EndToEndId>NOTPROVIDED</EndToEndId>
              <Prtry>
                <Tp>CORE2</Tp>
                <Ref>00171234004</Ref>
              </Prtry>
            </Refs>
            <RltdPties>
              <Dbtr>
                <Nm>John Doe</Nm>
              </Dbtr>
              <DbtrAcct>
                <Id>
                  <IBAN>HU5512345678123456780000002</IBAN>
                </Id>
              </DbtrAcct>
              <Cdtr>
                <Nm>John Doe</Nm>
              </Cdtr>
              <CdtrAcct>
                <Id>
                  <IBAN>HU6012345678123456780000006</IBAN>
                </Id>
              </CdtrAcct>
            </RltdPties>
            <RmtInf>
              <Ustrd>Save</Ustrd>
            </RmtInf>
          </TxDtls>
        </NtryDtls>
        <BkTxCd>
          <Domn>
            <Cd>PMNT</Cd>
            <Fmly>
              <Cd>ICDT</Cd>
              <SubFmlyCd>DMCT</SubFmlyCd>
            </Fmly>
          </Domn>
          <Prtry>
            <Cd>HD001</Cd>
          </Prtry>
        </BkTxCd>
      </Ntry>
      <Ntry>
        <NtryRef>0000007</NtryRef>
        <Amt Ccy="HUF">150.00</Amt>
        <CdtDbtInd>DBIT</CdtDbtInd>
        <Sts>BOOK</Sts>
        <BookgDt>
          <Dt>2017-11-30</Dt>
        </BookgDt>
        <ValDt>
          <Dt>2017-11-30</Dt>
        </ValDt>
        <AcctSvcrRef>20171234560007</AcctSvcrRef>
        <NtryDtls>
          <TxDtls>
            <AddtlTxInf>SpectraNet Light
havi szolgáltatási díj</AddtlTxInf>
            <Refs>
              <TxId>00000000002123000007</TxId>
            </Refs>
          </TxDtls>
        </NtryDtls>
        <BkTxCd>
          <Domn>
            <Cd>PMNT</Cd>
            <Fmly>
              <Cd>ICDT</Cd>
              <SubFmlyCd>OTHR</SubFmlyCd>
            </Fmly>
          </Domn>
        </BkTxCd>
      </Ntry>
    </Stmt>
    <Stmt>
      <LglSeqNb>0011</LglSeqNb>
      <Id>0011/20171130</Id>
      <CreDtTm>2017-11-30T00:00:00</CreDtTm>
      <FrToDt>
        <FrDtTm>2017-11-30T00:00:00</FrDtTm>
        <ToDtTm>2017-11-30T00:00:00</ToDtTm>
      </FrToDt>
      <Acct>
        <Id>
          <Othr>
            <Id>123456781234567800000013</Id>
          </Othr>
        </Id>
        <Ccy>HUF</Ccy>
        <Ownr>
          <Nm>John Doe</Nm>
          <PstlAdr>
            <AdrLine>BUDAPEST</AdrLine>
            <AdrLine>Sample Str.</AdrLine>
            <AdrLine>1234</AdrLine>
          </PstlAdr>
        </Ownr>
        <Svcr>
          <FinInstnId>
            <BIC>BACXHUHB</BIC>
          </FinInstnId>
          <BrnchId>
            <Id>NMEZ</Id>
          </BrnchId>
        </Svcr>
      </Acct>
      <Bal>
        <Tp>
          <CdOrPrtry>
            <Cd>OPBD</Cd>
          </CdOrPrtry>
        </Tp>
        <Amt Ccy="HUF">1234567.21</Amt>
        <CdtDbtInd>CRDT</CdtDbtInd>
        <Dt>
          <Dt>2017-11-30</Dt>
        </Dt>
      </Bal>
      <Bal>
        <Tp>
          <CdOrPrtry>
            <Cd>CLBD</Cd>
          </CdOrPrtry>
        </Tp>
        <Amt Ccy="HUF">1234568.74</Amt>
        <CdtDbtInd>CRDT</CdtDbtInd>
        <Dt>
          <Dt>2017-11-30</Dt>
        </Dt>
      </Bal>
      <TxsSummry>
        <TtlNtries>
          <NbOfNtries>2</NbOfNtries>
        </TtlNtries>
        <TtlCdtNtries>
          <Sum>1234569.04</Sum>
        </TtlCdtNtries>
        <TtlDbtNtries>
          <Sum>1234561.51</Sum>
        </TtlDbtNtries>
      </TxsSummry>
      <Ntry>
        <NtryRef>0000001</NtryRef>
        <Amt Ccy="HUF">999.00</Amt>
        <CdtDbtInd>CRDT</CdtDbtInd>
        <Sts>BOOK</Sts>
        <BookgDt>
          <Dt>2017-11-08</Dt>
        </BookgDt>
        <ValDt>
          <Dt>2017-11-08</Dt>
        </ValDt>
        <AcctSvcrRef>20171234560008</AcctSvcrRef>
        <NtryDtls>
          <TxDtls>
            <AddtlTxInf>Cr Forgalmi kedvezmény</AddtlTxInf>
            <Refs>
              <TxId>00000000002123000008</TxId>
            </Refs>
          </TxDtls>
        </NtryDtls>
        <BkTxCd>
          <Domn>
            <Cd>PMNT</Cd>
            <Fmly>
              <Cd>RCDT</Cd>
              <SubFmlyCd>OTHR</SubFmlyCd>
            </Fmly>
          </Domn>
        </BkTxCd>
      </Ntry>
      <Ntry>
        <NtryRef>0000002</NtryRef>
        <Amt Ccy="HUF">100000.00</Amt>
        <CdtDbtInd>CRDT</CdtDbtInd>
        <Sts>BOOK</Sts>
        <BookgDt>
          <Dt>2017-11-24</Dt>
        </BookgDt>
        <ValDt>
          <Dt>2017-11-24</Dt>
        </ValDt>
        <AcctSvcrRef>20171234560009</AcctSvcrRef>
        <NtryDtls>
          <TxDtls>
            <AddtlTxInf>+IZV 00171234007</AddtlTxInf>
            <Refs>
              <TxId>00000000002123000009</TxId>
              <EndToEndId>NOTPROVIDED</EndToEndId>
              <Prtry>
                <Tp>CORE2</Tp>
                <Ref>00171234005</Ref>
              </Prtry>
            </Refs>
            <RltdPties>
              <Dbtr>
                <Nm>John Doe</Nm>
              </Dbtr>
              <DbtrAcct>
                <Id>
                  <IBAN>HU5512345678123456780000006</IBAN>
                </Id>
              </DbtrAcct>
              <Cdtr>
                <Nm>John Doe</Nm>
              </Cdtr>
              <CdtrAcct>
                <Id>
                  <IBAN>HU6012345678123456780000000</IBAN>
                </Id>
              </CdtrAcct>
            </RltdPties>
            <RmtInf>
              <Ustrd>Save</Ustrd>
            </RmtInf>
          </TxDtls>
        </NtryDtls>
        <BkTxCd>
          <Domn>
            <Cd>PMNT</Cd>
            <Fmly>
              <Cd>RCDT</Cd>
              <SubFmlyCd>DMCT</SubFmlyCd>
            </Fmly>
          </Domn>
          <Prtry>
            <Cd>HC001</Cd>
          </Prtry>
        </BkTxCd>
      </Ntry>
    </Stmt>
  </BkToCstmrStmt>
</Document>
